<?xml version="1.0" encoding="UTF-8"?><record xmlns="http://www.loc.gov/MARC21/slim" xmlns:cinclude="http://apache.org/cocoon/include/1.0" xmlns:zs="http://www.loc.gov/zing/srw/">
  <leader>00853cz  a2200181n  4500</leader>
  <controlfield tag="001">no2006067172</controlfield>
  <controlfield tag="003">DLC</controlfield>
  <controlfield tag="005">20060721052012.0</controlfield>
  <controlfield tag="008">060627n| acannaabn          |a ana      </controlfield>
  <datafield tag="010" ind1=" " ind2=" ">
    <subfield code="a">no2006067172</subfield>
  </datafield>
  <datafield tag="035" ind1=" " ind2=" ">
    <subfield code="a">(OCoLC)oca06980600</subfield>
  </datafield>
  <datafield tag="040" ind1=" " ind2=" ">
    <subfield code="a">Nz</subfield>
    <subfield code="b">eng</subfield>
    <subfield code="c">Nz</subfield>
    <subfield code="d">Nz</subfield>
  </datafield>
  <datafield tag="110" ind1="2" ind2=" ">
    <subfield code="a">Auckland Regional Services Trust</subfield>
  </datafield>
  <datafield tag="410" ind1="1" ind2=" ">
    <subfield code="a">Auckland (N.Z. : Region).</subfield>
    <subfield code="b">Regional Services Trust</subfield>
  </datafield>
  <datafield tag="510" ind1="1" ind2=" ">
    <subfield code="a">Auckland (N.Z. : Region).</subfield>
    <subfield code="b">Regional Council</subfield>
  </datafield>
  <datafield tag="510" ind1="2" ind2=" ">
    <subfield code="w">b</subfield>
    <subfield code="a">Infrastructure Auckland (Organization)</subfield>
  </datafield>
  <datafield tag="670" ind1=" " ind2=" ">
    <subfield code="a">Its Annual plan, July 1993-June 1994</subfield>
    <subfield code="b">t.p. (Auckland Regional Services Trust) p. 8 (taking over the commercial functions of the Auckland Regional Council as from July 1, 1993)</subfield>
  </datafield>
  <datafield tag="670" ind1=" " ind2=" ">
    <subfield code="a">Infrastructure Auckland. Annual report, 1999</subfield>
    <subfield code="b">p. 1 (est. Oct. 1, 1998) p. 6 (essentially a funding agency ... inherited from former Auckland Regional Services Trust)</subfield>
  </datafield>
</record>